<?xml version="1.0" encoding="UTF-8"?><collection xmlns="http://www.loc.gov/MARC21/slim"><record><leader>00503nam--2200121-i-4500</leader><controlfield tag="001">000039079</controlfield><controlfield tag="002">20161230</controlfield><controlfield tag="005">20161230201042</controlfield><controlfield tag="008">060222s1000------------r-----000-0-eng-d</controlfield><datafield ind1=" " ind2=" " tag="080"><subfield code="a">57:61(061.3)</subfield></datafield><datafield ind1=" " ind2=" " tag="245"><subfield code="a">Rezultate obtinute in cadrul programului de biofizica a medicamentului 1983-1986. a iii-a consfatuire de lucru privind `metode biofizice utilizate in investigarea interactiunii medicamentului cu membranele celulare`</subfield></datafield><datafield ind1=" " ind2=" " tag="260"><subfield code="a">Iasi, Centr.Ind.De Medicamente Si Cosmetice, 1987, 68p</subfield></datafield><datafield ind1=" " ind2=" " tag="852"><subfield code="a">74304</subfield></datafield></record></collection>